<record><leader>00000cas a22000007a 4500</leader><controlfield tag="001">12087753</controlfield><controlfield tag="008">850528d18801966inuwr ne      0    0eng d</controlfield><datafield ind1=" " ind2=" " tag="010"><subfield code="a">sn 85047918 </subfield></datafield><datafield ind1=" " ind2=" " tag="040"><subfield code="a">NPI</subfield><subfield code="b">eng</subfield><subfield code="c">NPI</subfield><subfield code="d">OCLCQ</subfield></datafield><datafield ind1=" " ind2=" " tag="042"><subfield code="a">msc</subfield></datafield><datafield ind1="0" ind2=" " tag="130"><subfield code="a">Chronicle (Scottsburg, Ind.)</subfield></datafield><datafield ind1="1" ind2="4" tag="245"><subfield code="a">The chronicle.</subfield></datafield><datafield ind1=" " ind2=" " tag="260"><subfield code="a">Scottsburg, Ind. :</subfield><subfield code="b">Wade Mann,</subfield><subfield code="c">1880-1966.</subfield></datafield><datafield ind1=" " ind2=" " tag="300"><subfield code="a">86 v. :</subfield><subfield code="b">ill. ;</subfield><subfield code="c">58 cm.</subfield></datafield><datafield ind1=" " ind2=" " tag="310"><subfield code="a">Weekly</subfield></datafield><datafield ind1="0" ind2=" " tag="362"><subfield code="a">Vol. 1, no. 1 (Feb. 12, 1880)-v. 86, no. 34 (Aug. 23, 1966).</subfield></datafield><datafield ind1=" " ind2=" " tag="500"><subfield code="a">Published from Feb. 1880 through Nov. 1881 in Austin, Ind.; published from Dec. 1881 to Aug. 1966 in Scottsburg, Ind.</subfield></datafield><datafield ind1=" " ind2=" " tag="500"><subfield code="a">"Republican party journal" Cf. Miller, John W. Indiana newspaper bibliog.</subfield></datafield><datafield ind1=" " ind2=" " tag="752"><subfield code="a">United States</subfield><subfield code="b">Indiana</subfield><subfield code="c">Scott</subfield><subfield code="d">Austin.</subfield></datafield><datafield ind1=" " ind2=" " tag="752"><subfield code="a">United States</subfield><subfield code="b">Indiana</subfield><subfield code="c">Scott</subfield><subfield code="d">Scottsburg.</subfield></datafield><datafield ind1="0" ind2="0" tag="785"><subfield code="t">Scott County chronicle</subfield><subfield code="w">(DLC)sn 85047919</subfield></datafield><datafield ind1="1" ind2=" " tag="029"><subfield code="a">AU@</subfield><subfield code="b">000025839336</subfield></datafield></record>